@misc{ misc_test,
       author = "Nobody Jr",
       title = "My Article",
       year = "2006" }
       
       @misc{ XNA,
       author = "Microsoft XNA",
       title = "msdn",
       year = "2010",
       url = "http://msdn.microsoft.com/en-us/library/bb200104.aspx" }
       
       
       
       
