@misc{ misc_test,
       author = "Nobody Jr",
       title = "My Article",
       year = "2006" }
       
       @misc{ XNA,
       author = "Microsoft XNA",
       title = "msdn",
       year = "2010",
       url = "http://msdn.microsoft.com/en-us/library/bb200104.aspx" }
       
@misc{Tombstone,
		author = "Bent Thomsen",
		title = "Programming Languages and Compilers",
		year = "2011",
		url = "https://intranet.cs.aau.dk/uploads/media/SPOF11-2.pdf"}       
       
@misc{criteria,
		author = "Bent Thomsen",
		title = "Programming Languages and Compilers",
		year = "2011",
		url = "https://intranet.cs.aau.dk/uploads/media/SPOF11-1.pdf"}       
              
@misc{CIL,
		author = "Techtarget",
		title = "Common Language Infrastructure (CLI)",
		year = "2002",
		url = "http://searchsoa.techtarget.com/definition/Common-Language-Infrastructure"}       
              


